@Article{ipython,
  Author    = {P\'erez, Fernando and Granger, Brian E.},
  Title     = {{IP}ython: a System for Interactive Scientific Computing},
  Journal   = {Computing in Science and Engineering},
  Volume    = {9},
  Number    = {3},
  Pages     = {21--29},
  month     = may,
  year      = 2007,
  url       = "http://ipython.org",
  ISSN      = "1521-9615",
  doi       = {10.1109/MCSE.2007.53},
  publisher = {IEEE Computer Society},
}

@book{chen,
  title={Introduction to Plasma Physics and Controlled Fusion},
  author={Chen, F.F.},
  number={v. 1},
  isbn={9780306413322},
  lccn={lc83017666},
  series={Introduction to Plasma Physics and Controlled Fusion},
  url={https://books.google.pl/books?id=ToAtqnznr80C},
  year={1984},
  publisher={Springer}
}

@article{pyfr,
title = "{PyFR}: An open source framework for solving advection–diffusion type problems on streaming architectures using the flux reconstruction approach",
journal = "Computer Physics Communications",
volume = "185",
number = "11",
pages = "3028 - 3040",
year = "2014",
note = "",
issn = "0010-4655",
doi = "http://dx.doi.org/10.1016/j.cpc.2014.07.011",
url = "http://www.sciencedirect.com/science/article/pii/S0010465514002549",
author = "F.D. Witherden and A.M. Farrington and P.E. Vincent",
keywords = "High-order",
keywords = "Flux reconstruction",
keywords = "Parallel algorithms",
keywords = "Heterogeneous computing"
}

@online{pyfr-euroscipy,
title = {{PyFR} - {EuroSciPy} 2015},
date = {2015},
organization = {Youtube},
author = {{Freddie Witherden} and {Michael Klemm} and {Peter Vincent}},
url = {https://www.youtube.com/watch?v=wdR1X3Ei0eY},
}

@Book{h5py,
        keywords = {python, hdf5},
        year = {2013},
        publisher = {O'Reilly},
        title = {Python and HDF5},
        author = {Andrew Collette}
}

@misc{pytest,
      title = {pytest},
      howpublished = {\url{https://docs.pytest.org/en/latest/}},
      note = {Dostęp: 2017-08-13}
}

@misc{snakeviz,
  author = {Matt Davis},
  title = {Snakeviz},
  year = {2016},
  publisher = {GitHub},
  journal = {GitHub repository},
  howpublished = {\url{https://github.com/jiffyclub/snakeviz/}},
  commit = {5d783653d183d76017bcb8897236c62005114678}
}

@misc{travisci,
  title = {{Travis CI}},
  howpublished = {\url{https://travis-ci.org/}},
  note = {Accessed: 2017-08-13}
}

@inproceedings{picongpu,
 author = {Bussmann, M. and Burau, H. and Cowan, T. E. and Debus, A. and Huebl, A. and Juckeland, G. and Kluge, T. and Nagel, W. E. and Pausch, R. and Schmitt, F. and Schramm, U. and Schuchart, J. and Widera, R.},
 title = {Radiative Signatures of the Relativistic Kelvin-Helmholtz Instability},
 booktitle = {Proceedings of the International Conference on High Performance Computing, Networking, Storage and Analysis},
 series = {SC '13},
 year = {2013},
 isbn = {978-1-4503-2378-9},
 location = {Denver, Colorado},
 pages = {5:1--5:12},
 articleno = {5},
 numpages = {12},
 url = {http://doi.acm.org/10.1145/2503210.2504564},
 doi = {10.1145/2503210.2504564},
 acmid = {2504564},
 publisher = {ACM},
 address = {New York, NY, USA},
}


@article{fbic,
title = "A spectral, quasi-cylindrical and dispersion-free Particle-In-Cell algorithm",
journal = "Computer Physics Communications",
volume = "203",
number = "",
pages = "66 - 82",
year = "2016",
note = "",
issn = "0010-4655",
doi = "http://dx.doi.org/10.1016/j.cpc.2016.02.007",
url = "http://www.sciencedirect.com/science/article/pii/S0010465516300224",
author = "Rémi Lehe and Manuel Kirchen and Igor A. Andriyash and Brendan B. Godfrey and Jean-Luc Vay",
keywords = "Particle-In-Cell",
keywords = "Pseudo-spectral",
keywords = "Hankel transform",
keywords = "Cylindrical geometry"
}


# TODO
@misc{intel-mkl,
    author    = "TODO",
    title     = "TODO",
    url       = "https://www.continuum.io/blog/developer-blog/anaconda-25-release-now-mkl-optimizations"
}



# TODO
@misc{github-repo,
    author    = "Dominik Stańczak",
    title     = "{PythonPIC}",
    url       = "www.github.com/StanczakDominik/PythonPIC"
}

@ARTICLE{matplotlib,
  author={J. D. Hunter},
  journal={Computing in Science Engineering},
  title={Matplotlib: A 2D Graphics Environment},
  year={2007},
  volume={9},
  number={3},
  pages={90-95},
  keywords={computer graphics;mathematics computing;object-oriented programming;software packages;2D graphics package;Matplotlib;Python;application development;interactive scripting;operating system;publication-quality image generation;user interface;Computer languages;Equations;Graphical user interfaces;Graphics;Image generation;Interpolation;Operating systems;Packaging;Programming profession;User interfaces;Python;application development;scientific programming;scripting languages},
  doi={10.1109/MCSE.2007.55},
  ISSN={1521-9615},
  month={May},}

@article{numpy,
  author={S. van der Walt and S. C. Colbert and G. Varoquaux},
  journal={Computing in Science Engineering},
  title={The NumPy Array: A Structure for Efficient Numerical Computation},
  year={2011},
  volume={13},
  number={2},
  pages={22-30},
  keywords={data structures;high level languages;mathematics computing;numerical analysis;Python programming language;high level language;numerical computation;numerical data;numpy array;Arrays;Computational efficiency;Finite element methods;Numerical analysis;Performance evaluation;Resource management;Vector quantization;NumPy;Python;numerical computations;programming libraries;scientific programming},
  doi={10.1109/MCSE.2011.37},
  ISSN={1521-9615},
  month={March},}

@misc{scipy,
  author =    {Eric Jones and Travis Oliphant and Pearu Peterson and others},
  title =     {{SciPy}: Open source scientific tools for {Python}},
  year =      {2001--},
  url = "http://www.scipy.org/",
  note = {[Online; accessed 2017-08-13]}
}

@misc{particleincell-dsmc,
    author = {Lubos Brieda},
    title = {Direct Simulation Monte Carlo (DMSC) Method},
    url = "https://www.particleincell.com/2012/dsmc0/",
    note = {[Online; accessed 2017-08-17]}
}

@inproceedings{numba,
   author = {Lam, Siu Kwan and Pitrou, Antoine and Seibert, Stanley},
   title = {Numba: A {LLVM}-based {Python} {JIT} Compiler},
   booktitle = {Proceedings of the Second Workshop on the LLVM Compiler Infrastructure in HPC},
   series = {LLVM '15},
   year = {2015},
   isbn = {978-1-4503-4005-2},
   location = {Austin, Texas},
   pages = {7:1--7:6},
   articleno = {7},
   numpages = {6},
   url = {http://doi.acm.org/10.1145/2833157.2833162},
   doi = {10.1145/2833157.2833162},
   acmid = {2833162},
   publisher = {ACM},
   address = {New York, NY, USA},
   keywords = {LLVM, Python, compiler},
  }

@book{birdsall,
    title={Plasma Physics via Computer Simulation},
    author={Birdsall, C.K. and Langdon, A.B.},
    isbn={9780750310253},
    series={Series in Plasma Physics and Fluid Dynamics},
    url={https://books.google.pl/books?id=S2lqgDTm6a4C},
    year={2004},
    publisher={Taylor \& Francis}
}

@article{bunemanvillasenor,
   author = {{Villasenor}, J. and {Buneman}, O.},
    title = "{Rigorous charge conservation for local electromagnetic field solvers}",
  journal = {Computer Physics Communications},
     year = 1992,
    month = mar,
   volume = 69,
    pages = {306-316},
      doi = {10.1016/0010-4655(92)90169-Y},
   adsurl = {http://adsabs.harvard.edu/abs/1992CoPhC..69..306V},
  adsnote = {Provided by the SAO/NASA Astrophysics Data System}
}

@INPROCEEDINGS{lpic,
   author = {{Pfund}, R.~E.~W. and {Lichters}, R. and {Meyer-ter-Vehn}, J.
	},
    title = "{LPIC++ a parallel one-dimensional relativistic electromagnetic Particle-In-Cell code for simulating laser-plasma-interaction}",
 keywords = {Particle-in-cell method, Frequency conversion, harmonic generation including higher-order harmonic generation, Molecular dynamics and particle methods},
booktitle = {Superstrong Fields in Plasmas},
     year = 1998,
   series = {American Institute of Physics Conference Series},
   volume = 426,
   editor = {{Lontano}, M. and {Mourou}, G. and {Pegoraro}, F. and {Sindoni}, E.
	},
    month = feb,
    pages = {141-146},
      doi = {10.1063/1.55199},
   adsurl = {http://adsabs.harvard.edu/abs/1998AIPC..426..141P},
  adsnote = {Provided by the SAO/NASA Astrophysics Data System}
}
